<record><leader>00000cas a2200000 a 4500</leader><controlfield tag="001">52252900</controlfield><controlfield tag="008">030515c19939999ilubr ne      0   a0eng c</controlfield><datafield ind1=" " ind2=" " tag="010"><subfield code="a">sn2003061812</subfield></datafield><datafield ind1=" " ind2=" " tag="040"><subfield code="a">NVF</subfield><subfield code="b">eng</subfield><subfield code="c">NVF</subfield><subfield code="d">OCLCQ</subfield><subfield code="d">CZL</subfield><subfield code="d">NVF</subfield><subfield code="d">OCLCO</subfield><subfield code="d">OCLCF</subfield></datafield><datafield ind1="1" ind2=" " tag="029"><subfield code="a">AU@</subfield><subfield code="b">000024659505</subfield></datafield><datafield ind1=" " ind2=" " tag="042"><subfield code="a">pcc</subfield></datafield><datafield ind1=" " ind2=" " tag="043"><subfield code="a">n-us-il</subfield></datafield><datafield ind1="0" ind2="4" tag="245"><subfield code="a">The Hampton towne crier.</subfield></datafield><datafield ind1=" " ind2=" " tag="260"><subfield code="a">Hampton, Ill. :</subfield><subfield code="b">Mike and Stacey Graham,</subfield><subfield code="c">1993-</subfield></datafield><datafield ind1=" " ind2=" " tag="300"><subfield code="a">v.</subfield></datafield><datafield ind1=" " ind2=" " tag="310"><subfield code="a">Bimonthly,</subfield><subfield code="b">Oct./Nov. 2002-</subfield></datafield><datafield ind1=" " ind2=" " tag="321"><subfield code="a">Monthly,</subfield><subfield code="b">Aug. 1993-Dec. 1997</subfield></datafield><datafield ind1=" " ind2=" " tag="321"><subfield code="a">Monthly (except Feb.),</subfield><subfield code="b">Jan./Feb. 1998-June 2001</subfield></datafield><datafield ind1=" " ind2=" " tag="321"><subfield code="a">Bimonthly,</subfield><subfield code="b">July/Aug.-Nov./Dec. 2001</subfield></datafield><datafield ind1=" " ind2=" " tag="321"><subfield code="a">Monthly,</subfield><subfield code="b">Jan.-Sept. 2002</subfield></datafield><datafield ind1="0" ind2=" " tag="362"><subfield code="a">Year 9, v. 36 (Aug. 1993)-</subfield></datafield><datafield ind1=" " ind2=" " tag="515"><subfield code="a">Issue for Oct. 1994 erroneously designated as Sept. 1994.</subfield></datafield><datafield ind1=" " ind2="0" tag="651"><subfield code="a">Hampton (Ill.)</subfield><subfield code="v">Newspapers.</subfield></datafield><datafield ind1=" " ind2="7" tag="655"><subfield code="a">Newspapers.</subfield><subfield code="2">fast</subfield><subfield code="0">(OCoLC)fst01423814</subfield></datafield><datafield ind1=" " ind2="7" tag="651"><subfield code="a">Illinois</subfield><subfield code="z">Hampton.</subfield><subfield code="2">fast</subfield><subfield code="0">(OCoLC)fst01926140</subfield></datafield><datafield ind1=" " ind2=" " tag="752"><subfield code="a">United States</subfield><subfield code="b">Illinois</subfield><subfield code="c">Rock Island</subfield><subfield code="d">Hampton.</subfield></datafield><datafield ind1="0" ind2="0" tag="780"><subfield code="t">Ye olde Hampton towne crier</subfield><subfield code="w">(DLC)sn2003061829</subfield><subfield code="w">(OCoLC)52763749</subfield></datafield></record>